<collection xmlns="http://www.loc.gov/MARC21/slim"><record><leader>01052nam  2200289   450</leader><controlfield tag="001">628</controlfield><controlfield tag="003">http://montalegre.opacnet.com/OPAC/default.aspx?ContentAreaControl=ShowRegHoldings.ascx&amp;RegNo=16662</controlfield><controlfield tag="005">20</controlfield><datafield tag="021" ind1=" " ind2=" "><subfield code="a">PT</subfield><subfield code="b">55029/92</subfield></datafield><datafield tag="100" ind1=" " ind2=" "><subfield code="a">19930428d1992    c  y0pory0103    ba</subfield></datafield><datafield tag="101" ind1="0" ind2=" "><subfield code="a">por</subfield></datafield><datafield tag="102" ind1=" " ind2=" "><subfield code="a">PT</subfield></datafield><datafield tag="200" ind1="1" ind2=" "><subfield code="a">Viagem com Wish</subfield><subfield code="f">escreveu Ilse Losa</subfield><subfield code="g">ilust.: João Machado</subfield></datafield><datafield tag="205" ind1=" " ind2=" "><subfield code="a">3ª ed</subfield></datafield><datafield tag="210" ind1=" " ind2=" "><subfield code="a">Porto</subfield><subfield code="c">Asa</subfield><subfield code="d">1992</subfield></datafield><datafield tag="215" ind1=" " ind2=" "><subfield code="a">33, [1] p.</subfield><subfield code="c">il.</subfield><subfield code="d">21 cm</subfield></datafield><datafield tag="225" ind1="2" ind2=" "><subfield code="a">Asa juvenil</subfield><subfield code="v">20</subfield></datafield><datafield tag="606" ind1=" " ind2=" "><subfield code="a">Literatura portuguesa</subfield><subfield code="2">Autoridade</subfield><subfield code="3">PT-----------2012041710390005598</subfield></datafield><datafield tag="608" ind1=" " ind2=" "><subfield code="a">Literatura infantil e juvenil</subfield><subfield code="2">Autoridade</subfield><subfield code="3">PT9999-00-10-2009040123590005446</subfield></datafield><datafield tag="675" ind1=" " ind2=" "><subfield code="a">087.5</subfield></datafield><datafield tag="675" ind1=" " ind2=" "><subfield code="a">821.134.3-93</subfield></datafield><datafield tag="700" ind1=" " ind2="1"><subfield code="a">Losa</subfield><subfield code="b">Ilse</subfield><subfield code="f">1913-2006</subfield><subfield code="2">Autoridade</subfield><subfield code="3">PT-----------2013112612320005977</subfield></datafield><datafield tag="702" ind1=" " ind2="1"><subfield code="a">Machado</subfield><subfield code="b">João</subfield><subfield code="f">1942-</subfield><subfield code="4">440</subfield></datafield><datafield tag="801" ind1=" " ind2="0"><subfield code="a">PT</subfield><subfield code="b">Biblioteca Municipal de Montalegre</subfield><subfield code="g">RPC</subfield></datafield><datafield tag="856" ind1=" " ind2=" "><subfield code="u">locateMedia.asp?cod=20060522164701&amp;ext=jpg</subfield><subfield code="z">CAPA</subfield></datafield><datafield tag="909" ind1="&#9;" ind2=" "><subfield code="a">3</subfield></datafield><datafield tag="966" ind1=" " ind2=" "><subfield code="a">0000987</subfield><subfield code="l">BMM</subfield><subfield code="s">SI 82-93 LOS via 20</subfield></datafield><datafield tag="966" ind1=" " ind2=" "><subfield code="a">0001520</subfield><subfield code="l">BMM</subfield><subfield code="s">SI 821.134.3-93 LOS via 20</subfield></datafield><datafield tag="966" ind1=" " ind2=" "><subfield code="a">0001521</subfield><subfield code="l">BMM</subfield><subfield code="s">SI 82-93 LOS via 20</subfield></datafield></record></collection>